% bibliography
@article{testcitation,
  title={Lorem ipsum dolor sit amet, consectetur adipiscing elit.},
  author={Lorem, Ipsum},
  journal={Consectetur adipiscing elit.},
  volume={94},
  number={2},
  pages={115-147},
  year={1983},
  publisher={Lorem ipsum dolor.}
}

% =========================================================================

% Section: Low-Resource Neural Machine Translation Approaches

@article{torrey_transfer_2009,
author = {Torrey, L. and Shavlik, J.},
year = {2009},
month = {01},
pages = {},
title = {Transfer learning},
journal = {Handbook of Research on Machine Learning Applications},
doi = {10.4018/978-1-60566-766-9.ch011}
}


@inproceedings{zoph_transfer_2016,
	address = {Austin, Texas},
	title = {Transfer {Learning} for {Low}-{Resource} {Neural} {Machine} {Translation}},
	url = {https://www.aclweb.org/anthology/D16-1163},
	doi = {10.18653/v1/D16-1163},
	urldate = {2019-10-16},
	booktitle = {Proceedings of the 2016 {Conference} on {Empirical} {Methods} in {Natural} {Language} {Processing}},
	publisher = {Association for Computational Linguistics},
	author = {Zoph, Barret and Yuret, Deniz and May, Jonathan and Knight, Kevin},
	month = nov,
	year = {2016},
	pages = {1568--1575}
}

@inproceedings{kocmi_trivial_2018,
	address = {Belgium, Brussels},
	title = {Trivial {Transfer} {Learning} for {Low}-{Resource} {Neural} {Machine} {Translation}},
	url = {https://www.aclweb.org/anthology/W18-6325},
	doi = {10.18653/v1/W18-6325},
	urldate = {2019-10-16},
	booktitle = {Proceedings of the {Third} {Conference} on {Machine} {Translation}: {Research} {Papers}},
	publisher = {Association for Computational Linguistics},
	author = {Kocmi, Tom and Bojar, Ondřej},
	month = oct,
	year = {2018},
	pages = {244--252}
}


@article{popel_training_2018,
	title = {Training {Tips} for the {Transformer} {Model}},
	volume = {110},
	issn = {1804-0462},
	url = {http://arxiv.org/abs/1804.00247},
	doi = {10.2478/pralin-2018-0002},
	number = {1},
	urldate = {2019-10-16},
	journal = {The Prague Bulletin of Mathematical Linguistics},
	author = {Popel, Martin and Bojar, Ondřej},
	month = apr,
	year = {2018},
	note = {arXiv: 1804.00247},
	keywords = {Computer Science - Computation and Language},
	pages = {43--70}
}

@article{luo_hierarchical_2019,
	title = {Hierarchical {Transfer} {Learning} {Architecture} for {Low}-{Resource} {Neural} {Machine} {Translation}},
	issn = {2169-3536},
	doi = {10.1109/ACCESS.2019.2936002},
	journal = {IEEE Access},
	author = {Luo, Gongxu and Yang, Yating and Yuan, Yang and Chen, Zhanheng and Ainiwaer, Aizimaiti},
	year = {2019},
	keywords = {Hierarchical transfer learning, low-resource problem, neural machine translation},
	pages = {1--1}
}

@article{gu_meta-learning_2018,
	title = {Meta-{Learning} for {Low}-{Resource} {Neural} {Machine} {Translation}},
	url = {http://arxiv.org/abs/1808.08437},
	urldate = {2019-10-16},
	journal = {arXiv:1808.08437 [cs]},
	author = {Gu, Jiatao and Wang, Yong and Chen, Yun and Cho, Kyunghyun and Li, Victor O. K.},
	month = aug,
	year = {2018},
	note = {arXiv: 1808.08437},
	keywords = {Computer Science - Computation and Language, Computer Science - Machine Learning},
	annote = {Comment: Accepted as a full paper at EMNLP 2018}
}



